@book{hume1896treatise,
  title={A treatise of human nature},
  author={Hume, David},
  year={1896},
  publisher={Clarendon Press}
}

@article{chervonenkis-recollections,
  title={Chervonenkisâ€™s recollections},
  author={Chervonenkis, Alexey},
  journal={Measures of Complexity: Festschrift for Alexey Chervonenkis},
  pages={3--8},
  year={2015},
  publisher={Springer}
}
@article{bartlett1933remembering,
  title={Remembering: A Study in Experimental and Social Psychology},
  author={Bartlett, FC},
  journal={Mind},
  volume={42},
  number={167},
  year={1933}
}
