@article{AA_Subjective_probability,
  title={A definition of subjective probability},
  author={Anscombe, Francis J and Aumann, Robert J},
  journal={Annals of mathematical statistics},
  pages={199--205},
  year={1963},
  publisher={JSTOR}
}