@article{AB_Epistemic,
     title = {Epistemic Conditions for Nash Equilibrium},
     author = {Aumann, Robert and Brandenburger, Adam},
     journal = {Econometrica},
     volume = {63},
     number = {5},
     pages = {1161-1180},
     url = {\url{http://www.jstor.org/stable/2171725}},
%     ISSN = {00129682},
     year = {1995},
     publisher = {The Econometric Society}
    }