@book{AB_Hitchhikers_guide,
  title={Infinite dimensional analysis: a hitchhiker's guide},
  author={Aliprantis, Charalambos D. and Border, Kim},
  year={2006},
  edition={3rd},
  isbn={3-540-29586-0},
  publisher={Springer}
%  location={Berlin Heidelberg New York}
}