@article{AE_Framing,
  title={Framing contingencies},
  author={Ahn, David S and Ergin, Haluk},
  journal={Econometrica},
  volume={78},
  number={2},
  pages={655--695},
  year={2010},
  publisher={Wiley Online Library}
}