@article{AH_Ignorance},
author = {K. J. Arrow and L. Hurwicz},
title = {{An optimality criterion for decision making under ignorance}},
year = {1972},
masid = {2105135}
}