@article{AINU_Similarity_and_simple_lotteries,
year={1993},
issn={0895-5646},
journal={Journal of Risk and Uncertainty},
volume={6},
number={3},
doi={10.1007/BF01072616},
title={Similarity and preferences in the space of simple lotteries},
url={http://dx.doi.org/10.1007/BF01072616},
publisher={Kluwer Academic Publishers},
keywords={decision; simple lotteries; correlated similarity relations},
author={Aizpurua, J.M. and Ichiishi, T. and Nieto, J. and Uriarte, J.R.},
pages={289-297},
language={English}
}
