@book{Akhiezer_The_classical_moment_problem,
  title={The classical moment problem and some related questions in analysis},
  author={Akhiezer, N. I.},
  translator={ Kemmer, N.},
  volume={5},
  year={1965},
  publisher={Oliver \& Boyd Edinburgh}
}