@book{Akhiezer_Moment_problem,
  title={The Classical Moment Problem},
  publisher={Oliver and Boyd Ltd.},
  translator={Kemmer, N.},
  year={1965},
  author={Akhieser, N.I.},
  location={Edinburgh and London}
}