@misc{AL01,
  author =   {G. Ashkenazi and E. Lehrer},
  year = {2001},
  title =    {Relative Utility},
  howpublished = "\url{http://www.tau.ac.il/~lehrer/Papers/relativeutil8.pdf}",
  note = "[Online; accessed 09-Dec-2013]"
}