@article{Allais_Paradox,
author={Allais, M.},
year={1953},
title={Le comportement de l'homme rationnel devant le risque: critique des postulats et axiomes de l'\'ecole Am\'ericaine},
journal={Econometrica},
volume={21(4)},
pages={503--546}
}