@article{Amemiya_Qualitative_response_Survey,
title ="Qualitative Response Models: A Survey",
author="T. Amemiya",
journal="Journal of Economic Literature",
volume="19",
number="4",
year="1981",
pages="1483-1536",
}