@unpublished{Aumann_Notes_on_interactive_epistemology,
  title={Notes on interactive epistemology},
  author={Aumann, Robert J},
  journal={Cowles Foundation for Research in Economics working paper},
  year={1989}
}