 @article{Aumann_Agreeing_to_disagree,
     title = {Agreeing to Disagree},
     author = {Aumann, Robert J.},
     journal = {The Annals of Statistics},
     volume = {4},
     number = {6},
     pages = {pp. 1236-1239},
     language = {English},
     year = {1976},
     publisher = {Institute of Mathematical Statistics}
     }


%@comment{{ These records have been provided through JSTOR. http://www.jstor.org }}
