@article{Azrieli_Valence_dimension,
author={Y. Azrieli},
title={Axioms for {E}uclidean preferences with a valence dimension},
journal={Journal of Mathematical Economics},
year={2011},
pages={545--553},
volume={47}
}
%note={Available at 
%\texttt{http://web.econ.ohio-state.edu/azrieli/papers/Valence5.pdf}}
