@article{Ball_Countable_paracompactness_of_linear_orders,
  title={Countable paracompactness in linearly ordered spaces},
  author={Ball, B. J.},
  journal={Proceedings of the American Mathematical Society},
  volume={5},
  number={2},
  pages={190--192},
  year={1954},
  publisher={JSTOR}
}