@article{Balogh_Moritas_third_conjecture,
  title={Nonshrinking open covers and K. Morita's Third Conjecture},
  author={Balogh, Zoltan T.},
  journal={Topology and its Applications},
  volume={84},
  number={1},
  pages={185--198},
  year={1998},
  publisher={Elsevier}
}