@book{BarberaHammondSeidl2004handbook,
  title={Handbook of Utility Theory II: Extensions},
  author={Barber{\'a}, S. and Hammond, P. J. and Seidl, C.},
  isbn={9781402077142},
  lccn={98021516},
  series={Handbook of Utility Theory},
  url={http://books.google.com/books?id=V5UKY1K9rfAC},
  year={2004},
  publisher={Kluwer Academic Publishers}
}
