@article{Barbos_Context_effects,
author={Barbos, Andrei},
title={Context effects: A representation of choices from categories},
journal={Journal of Economic Theory},
volume={145},
issue={3},
pages={1224--1243},
year={2010}
}