@article{Barndorff_Shephard_Levy_processes,
  title={Basics of L{\'e}vy processes},
  author={Barndorff-Nielsen, Ole E and Shephard, Neil and others},
  journal={Draft Chapter from a book by the authors on L{\'e}vy Driven Volatility Models},
  year={2012}
}