@article{Beardon_Open_gap_theorem,
  title={Debreu's gap theorem},
  author={Beardon, Alan F},
  journal={Economic Theory},
  volume={2},
  number={1},
  pages={150--152},
  year={1992},
  publisher={Springer}
}