@article{Bernoulli_Moral_expectation,
author={Daniel Bernoulli},
title={Specimen Theoriae novoe de Mensura Sortis},
year={1738},
journal={Commentarii Academiae Scientiarum Imperialis Petropolitanae},
volume={5}
}