@book{Besan_Dran_Shan_Schae-Strategy,
  title={Economics of strategy},
  author={Besanko, David and Dranove, David and Shanley, Mark and Schaefer, Scott},
  year={2009},
  publisher={John Wiley \& Sons}
}