@article{Bewley86,
title="Knightian Decision Theory: Part {I}",
year="1986",
journal="Cowles foundation working paper. \emph{No. 807, Yale University}",
author="Bewley, T. F.",
} 
