@book{Bichteler_Jumps,
  title={Stochastic integration with jumps},
  author={Bichteler, Klaus},
  volume={89},
  year={2002},
  publisher={Cambridge University Press}
}