@book{Billingsley_Probability_and_measure,
  title={Probability and measure},
  author={Billingsley, Patrick},
  year={2008},
  publisher={John Wiley \& Sons}
}