@book{Binmore_Rational,
  title={Rational decisions},
  author={Binmore, Ken G.},
  isbn={9780691130743},
  lccn={2008938513},
  series={Gorman lectures in economics},
  url={http://books.google.com/books?id=q6JYiaKTtu4C},
  year={2009},
  publisher={Princeton University Press}
}
