@article{Binmore_Making_decisions_in_large_worlds,
  title={Making decisions in large worlds},
  author={Binmore, Ken G.},
  year={2007},
  publisher={ESRC Centre for Economic Learning and Social Evolution}
}