@article{Binmore_A_minimal_extension,
  title={A minimal extension of Bayesian decision theory},
  author={Binmore, Ken G.},
  year={2014},
  publisher={Unpublished manuscript},
  website={http://www2.warwick.ac.uk/fac/soc/economics/intranet/calendar/binmore_ambiguity4.tex_typeset.pdf
}
}