@article{Blackorby:1984p337,
author = {C. Blackorby and D. Donaldson and J.A Weymark}, 
journal = {International Economic Review},
title = {Social choice with interpersonal utility comparisons: a diagrammatic introduction},
number = {2},
pages = {327--356},
volume = {25},
year = {1984},
date-added = {2011-02-02 17:41:38 +0000},
date-modified = {2011-08-08 04:31:57 +0100},
pmid = {10464637041032250172related:PEMf3vHbOZEJ},
local-url = {file://localhost/Users/patrickocal/Documents/Papers/2008Blackorby_Donaldson_Weymark_1984$Social_Choice_with_Interpersonal_Utility_Comparisons.pdf},
uri = {papers://3F61D3AB-1EA0-4FA3-A622-9B217C82ECD7/Paper/p337},
read = {Yes},
rating = {0}
}