@article{Bleichrodt_Reference-dependence,
author={Bleichrodt, H.},
title={Reference-dependent utility with shifting reference points and incomplete preferences},
journal={Journal of mathematical psychology},
volume={51},
pages={266--276},
year={2007}
}
