@article {BM_Discontinuous_games,
author = {Barelli, Paulo and Meneghel, Idione},
title = {A Note on the Equilibrium Existence Problem in Discontinuous Games},
journal = {Econometrica},
volume = {81},
number = {2},
publisher = {Blackwell Publishing Ltd},
issn = {1468-0262},
url = {http://dx.doi.org/10.3982/ECTA9125},
doi = {10.3982/ECTA9125},
pages = {813--824},
keywords = {Nash equilibrium, discontinuous payoffs, better reply security, location games},
year = {2013},
}
