@book{BM_Representations_Book,
  title={Representations of Preference Orderings},
author = {Douglas S. Bridges and Ghanshyam B. Mehta},
  year={1995},
  publisher={Springer-Verlag, Berlin--Heidelberg}
}
