@book{Bona_Combinatorics_Book,
  title={A walk through combinatorics: an introduction to enumeration and graph theory},
  author={B{\'o}na, Mikl{\'o}s},
  year={2011},
  publisher={World Scientific}
}