% This file was created with JabRef 2.8.1.
% Encoding: MacRoman

@BOOK{Bourbaki_Algebra_1,
  title = {Elements of Mathematics: Algebra 1},
  publisher = {Springer},
  year = {1970},
  author = {Bourbaki, N.},
  volume = {2},
  isbn = {9783540642435},
  url = {http://books.google.com/books?id=STS9aZ6F204C}
}

