@article{BP_Brownian_bridge,
  title={Path transformations connecting Brownian bridge, excursion and meander},
  author={Bertoin, Jean and Pitman, Jim},
  journal={Bulletin des sciences math{\'e}matiques},
  volume={118},
  number={2},
  pages={147--166},
  year={1994},
  publisher={Montrouge, France: Gauthier-Villars, 1885-}
}