@article{BR_Beyond_revealed_preference,
  title={Beyond revealed preference: choice-theoretic foundations for behavioral welfare economics},
  author={Bernheim, B. Douglas and Rangel, Antonio},
  journal={The Quarterly Journal of Economics},
  volume={124},
  number={1},
  pages={51--104},
  year={2009},
  publisher={Oxford University Press}
}