@article{BrazBout10Elicitation,
    author = {Braziunas, D.  and C. Boutilier},
    title = {Assessing Regret-based Preference Elicitation with the UTPREF Recommendation System},
    journal = {Proceedings of the Eleventh ACM Conference on Electronic Commerce (EC'10)},
   pages =   {pp.219--228},
   publisher = {Boston},
    year = {2010}
}
