@article{Bridges_Euclidean,
  title={The Euclidean distance construction of order homomorphisms},
  author={Bridges, Douglas S},
  journal={Mathematical Social Sciences},
  volume={15},
  number={2},
  pages={179--188},
  year={1988},
  publisher={Elsevier}
}