@article{Bridges_Joint_continuity,
author={Bridges, D. S.},
title={The Euclidean Distance Construction of Order Homomorphisms},
journal={Mathematical Social Sciences},
volume={15},
pages={179--188},
year={1988}
}