@article{BT-Bond_price_dynamics,
 ISSN = {00221090, 17566916},
 URL = {http://www.jstor.org/stable/2330945},
 author = {Clifford A. Ball and Walter N. Torous},
 journal = {The Journal of Financial and Quantitative Analysis},
 number = {4},
 pages = {517-531},
 publisher = {Cambridge University Press},
 title = {Bond Price Dynamics and Options},
 volume = {18},
 year = {1983}
}

