@article{Buzyakova_Submetrizable,
  title={On absolutely submetrizable spaces},
  author={Buzyakova, Raushan Z.},
  journal={Comment. Math. Univ. Carolin},
  volume={47},
  number={3},
  pages={483--490},
  year={2006}
}