@article{Cantor_1895,
  title={Beitr{\"a}ge zur Begr{\"u}ndung der transfiniten Mengenlehre},
  author={Cantor, Georg},
  journal={Mathematische Annalen},
  volume={46},
  number={4},
  pages={481--512},
  year={1895},
  publisher={Springer}
}