@article{CCM_Joint_continuity,
author={Caterino, Alessandro and Ceppitelli, Rita and Maccarino, Francesca},
title={Continuous utility functions on submetrizable hemicompact k-spaces},
journal={Applied General Topology},
volume={10},
issue={2},
pages={187--195},
year={2009}
}