@article{CDFX_Uniform_topologies_on_types,
  title={Uniform topologies on types},
  author={Chen, Yi-Chun and Di Tillio, Alfredo and Faingold, Eduardo and Xiong, Siyang},
  journal={Theoretical Economics},
  volume={5},
  number={3},
  pages={445--478},
  year={2010},
  publisher={Wiley Online Library}
}