@article{CES_Projective,
  title={The projective independence axiom},
  author={Chew, Soo Hong and Epstein, Larry G and Segal, Uzi},
  journal={Economic Theory},
  volume={4},
  number={2},
  pages={189--215},
  year={1994},
  publisher={Springer}
}