@article{CES_Quadratic,
  title={Mixture symmetry and quadratic utility},
  author={Chew, Soo Hong and Epstein, Larry G and Segal, Uzi},
  journal={Econometrica: Journal of the Econometric Society},
  pages={139--163},
  year={1991},
  publisher={JSTOR}
}