@article{Chambers_Hayashi_2012,
author={C. P. Chambers and T. Hayashi},
title={Choice and individual welfare},
journal={Journal of economic theory},
volume={147},
number={5},
pages={591--604},
year={2012}
}