%% This BibTeX bibliography file in UTF-8 format was created using Papers.
%% http://mekentosj.com/papers/

@article{Chew_Betweenness,
author = {S. H. Chew}, 
journal = {Annals of Operations Research},
title = {Axiomatic utility theories with the betweenness property},
number = {1},
pages = {273--298},
volume = {19},
year = {1989},
date-added = {2011-02-02 17:41:38 +0000},
date-modified = {2011-08-01 10:21:55 +0100},
pmid = {11301732203027945264related:MNcSPI_R15wJ},
local-url = {file://localhost/Users/patrickocal/Documents/Papers/Chew_1989%3EAxiomatic_utility_theories_with_the_betweenness_property.pdf},
uri = {papers://3F61D3AB-1EA0-4FA3-A622-9B217C82ECD7/Paper/p374},
read = {Yes},
rating = {0}
}

