@book{Choquet_Topology,
  title={Topology},
  author={Choquet, Gustave},
  publisher={Academic Press},
  year={1966}
}