@book{Collier_Economic_causes_of_civil_conflict,
  title={Economic causes of civil conflict and their implications for policy},
  author={Collier, Paul and others},
  year={2000},
  publisher={Citeseer}
}