@book{CS_Foundations,
  title={The Foundations of Positive and Normative Economics: A Handbook},
  author={Caplin, Andrew and Schotter, Andrew},
  year={2008},
  publisher={Oxford University Press}
}