%% This BibTeX bibliography file in UTF-8 format was created using Papers.
%% http://mekentosj.com/papers/

@inproceedings{dAspremont_Gevers_Comparability,
author = {C. d'Aspremont and L. Gevers},
editor={K. Arrow and A. Sen and K. Suzumura},
booktitle = {Handbook of social choice and welfare},
title = {Social welfare functionals and interpersonal comparability},
pages = {459--541},
volume = {1},
year = {2002},
date-added = {2011-02-02 17:41:39 +0000},
date-modified = {2011-07-05 01:26:59 +0100},
pmid = {11082939426905280867related:Y1HcV7CCzpkJ},
local-url = {file://localhost/Users/patrickocal/Documents/Papers/d'Aspremont2002Social%20welfare%20functionals%20and%20interpersonalHandbook%20of%20social%20choice%20and%20welfare.pdf},
uri = {papers://3F61D3AB-1EA0-4FA3-A622-9B217C82ECD7/Paper/p349},
rating = {0}
}

