@book{Davis_Markov_models,
  title={Markov models and optimization},
  author={Davis, M. H. A.},
  isbn={9780412314100},
  lccn={lc92039557},
  series={Monographs on statistics and applied probability},
  url={http://books.google.com/books?id=tUuRyn1XZeMC},
  year={1993},
  publisher={Chapman \& Hall}
}
