@inproceedings{Debreu_1954_Ordinal,
author = {G. Debreu}, 
booktitle = {Decision processes},
editor = {Thrall, R. M. and Coombs, C. H. and Davis, R. L.},
title = {Representation of a preference ordering by a numerical function},
pages = {159--165},
year = {1954}
}

