%% This BibTeX bibliography file in UTF-8 format was created using Papers.
%% http://mekentosj.com/papers/

@article{Debreu_Cardinal,
author = {G. Debreu}, 
journal = {Cowles Foundation Discussion Papers},
title = {Topological methods in cardinal utility theory},
year = {1959},
date-added = {2011-02-02 17:41:39 +0000},
date-modified = {2011-08-08 13:07:02 +0100},
pmid = {12646130359031478409related:ibhaOY8UgK8J},
local-url = {file://localhost/Users/patrickocal/Documents/Papers/2010Debreu_1960%3ETopological_Methods_in_Cardinal_Utility_Theory.pdf},
uri = {papers://3F61D3AB-1EA0-4FA3-A622-9B217C82ECD7/Paper/p360},
rating = {0}
}

