@article{Debreu_1964_Ordinal,
    author = {Debreu, Gerard},
    journal = {International Economic Review},
    citeulike-article-id = {9209453},
    keywords = {-, behavioral, economics, experimental, verhaltensokonomie},
    pages = {285-293},
    posted-at = {2011-04-26 12:12:22},
    title = {Continuity properties of Paretian utility},
    volume = {5},
    year = {1964}
}