@incollection{Dehaene_Conscious_and_nonconscious_processes,
  title={Conscious and Nonconscious Processes: Distinct Forms of Evidence Accumulation?},
  author={Dehaene, Stanislas},
  booktitle={Biological Physics},
  editor={Rivasseau, Vincent},
  pages={141--168},
  year={2011},
  url={http://dx.doi.org/10.1007/978-3-0346-0428-4_7},
  publisher={Springer}

}
