%% This BibTeX bibliography file in UTF-8 format was created using Papers.
%% http://mekentosj.com/papers/

@article{Dekel_Betweenness,
author = {E. Dekel}, 
journal = {Journal of Economic Theory},
title = {An axiomatic characterization of preferences under uncertainty: Weakening the independence axiom},
number = {2},
pages = {304--318},
volume = {40},
year = {1986},
date-added = {2011-02-02 17:41:39 +0000},
date-modified = {2011-08-08 04:42:02 +0100},
pmid = {2342781770132106809related:OS78eps7gyAJ},
local-url = {file://localhost/Users/patrickocal/Documents/Papers/2003Dekel_1986%3EWeakening_the_independence_axiom.pdf},
uri = {papers://3F61D3AB-1EA0-4FA3-A622-9B217C82ECD7/Paper/p300},
read = {Yes},
rating = {0}
}

