@article{DFM_Topologies_on_types,
	author = {Dekel, Eddie and Fudenberg, Drew and Morris, Stephen},
	title = {Topologies on types},
	journal = {Theoretical Economics},
	volume = {1},
	number = {3},
	year = {2006},
	pages = {275-309},
	url = {http://econtheory.org/ojs/index.php/te/article/view/20060275/0}
}