@book{Dhrymes_Mathematics_for_econometrics,
  title={Mathematics for econometrics},
  author={Dhrymes, Phoebus J.},
  year={1978},
  edition={4th},
  publisher={Springer}
}