@article{DM-Efficiency,
  title={Optimal taxation and public production I: Production efficiency},
  author={Diamond, Peter A and Mirrlees, James A},
  journal={The American Economic Review},
  volume={61},
  number={1},
  pages={8--27},
  year={1971},
  publisher={JSTOR}
}
