@article{DMOk01,
author="Dubra, J. and Maccheroni, F. and Ok, E. A.",
year="2001",
title="Expected Utility Theory without the Completeness Axiom",
journal="Cowles Foundation Discussion Papers 1294"
}