@article{DMS_Parametric_continuity_in_dynamic,
  title={Parametric continuity in dynamic programming problems},
  author={Dutta, Prajit K. and Majumdar, Mukul K. and Sundaram, Rangarajan K.},
  journal={Journal of Economic Dynamics and Control},
  volume={18},
  number={6},
  pages={1069--1092},
  year={1994},
  publisher={Elsevier}
}