@book{DR_Noisy_brain,
author={Edmund T. Rolls and Gustavo Deco},
    title     = "The Noisy Brain: Stochastic Dynamics as a Principle of Brain Function",
    year      = "2010",
    publisher = "Oxford University Press",
    address   = "Oxford"
}