@article{Dreze1961state-dependence,
title = "Les Fondemonts Logiques des l'Utilite Cardinale et de la Probabilit\'e Subjective",
author = "Dr\`eze, J. H.",
journal = "La D\'ecision. \emph{Paris: Colloques Internationaux du CNRS}",
year = "1961"
}