@article{EG_Ambiguity,
  title={Ambiguity, data and preferences for information--A case-based approach},
  author={Eichberger, J{\"u}rgen and Guerdjikova, Ani},
  journal={Journal of Economic Theory},
  volume={148},
  number={4},
  pages={1433--1462},
  year={2013},
  publisher={Elsevier}
}