@article{Eilenberg_Ordinal_utility,
author={Eilenberg, S.},
title={Ordered Topological Spaces},
journal={American Journal of Mathematics},
volume={63},
pages={39--45},
year={1941}
}