@article{Ellsberg_Ambiguity,
  title={Risk, ambiguity, and the Savage axioms},
  author={Ellsberg, Daniel},
  journal={The quarterly journal of economics},
  pages={643--669},
  year={1961},
  publisher={JSTOR}
}