@article{EMS_Coarse_contingencies,
	author = {Epstein, Larry G. and Marinacci, Massimo and Seo, Kyoungwon},
	title = {Coarse contingencies and ambiguity},
	journal = {Theoretical Economics},
	volume = {2},
	number = {4},
	year = {2007},
	pages = {355-394},
	url = {http://econtheory.org/ojs/index.php/te/article/view/20070355/0}
}
