@article{EO_Ordinal_multi-utility,
  title={On the multi-utility representation of preference relations},
  author={Evren, {\"O}zg{\"u}r and Ok, Efe A},
  journal={Journal of Mathematical Economics},
  volume={47},
  number={4},
  pages={554--563},
  year={2011},
  publisher={Elsevier}
}