@misc{Evans_Simplex,
author=  {Evans, S.},
year={2010},
title=  {Lecture notes from the 2010 Probability at Warwick workshop},
howpublished= "\url{http://www2.warwick.ac.uk/fac/sci/statistics/research/paw/paw2010/programme/p_at_w.pdf}",
  note = "[Online; accessed 30-Dec-2013]"
}
%