@book{Fechner_Psychophysik,

author={Gustav T. Fechner},

date={1889},

title={Elemente der Psychophysik (2 Volumes)},

edition={2},

publisher={Breitkopf \& Hartel},


}