@article{Fishburn_Multilinear,
  title={Axioms for expected utility in $n$-person games},
  author={Fishburn, Peter C},
  journal={International Journal of Game Theory},
  volume={5},
  number={2-3},
  pages={137--149},
  year={1976},
  publisher={Springer}
}