@book{Fishburn_Foundations_of_EU,
  title={The foundations of expected utility},
  author={Fishburn, Peter C.},
  edition={Theory \& Decision Library V.31},
  year={1982},
  publisher={Springer Science and Business Media, BV}
}