@article{Fishburn_Semiorders,
author={Fishburn, Peter C.},
title={Semiorders and risky choices},
journal={Journal of mathematical psychology},
volume={5},
pages={358--361},
year={1968}
}