@article{Fishburn_Lavalle_Context-dependent_choice,
author={Fishburn, Peter C. and Lavalle, I. H.},
title={Context-dependent choice with nonlinear and nontransitive preferences},
journal={Econometrica},
volume={56(5)},
pages={1221--1239},
year={1988}
}
