@book{Fishburn_Utility_theory_Book,
  title={Utility theory for decision making},
  author={Fishburn, Peter C.},
%  isbn={9780882757360},
%  lccn={78014401},
  series={Publications in operations research},
%  url={http://books.google.com/books?id=aqVfQgAACAAJ},
  year={1979},
  publisher={R. E. Krieger Pub. Co.}
}
