%% This BibTeX bibliography file in UTF-8 format was created using Papers.
%% http://mekentosj.com/papers/

@article{Fishburn_Skew-symmetric_bilinear,
author = {Fishburn, Peter C.}, 
journal = {Economics Letters},
title = {An axiomatic characterization of skew-symmetric bilinear functionals, with applications to utility theory},
number = {4},
pages = {311--313},
volume = {8},
year = {1981},
date-added = {2011-02-02 17:41:40 +0000},
date-modified = {2011-07-05 01:28:14 +0100},
pmid = {4336268023106854574related:rl4r4MqELTwJ},
local-url = {file://localhost/Users/patrickocal/Documents/Papers/2001Fishburn_1981$An_axiomatic_characterization_of_skew-symmetric_bilinear_functionals_with_applications_to_utility_theory.pdf},
uri = {papers://3F61D3AB-1EA0-4FA3-A622-9B217C82ECD7/Paper/p343},
rating = {0}
}

