@article{Fishburn_Ordered_convex_sets,
  title={Utility functions on ordered convex sets},
  author={Fishburn, PC},
  journal={Journal of Mathematical Economics},
  volume={12},
  number={3},
  pages={221--232},
  year={1983},
  publisher={Elsevier}
}