@article{FR_Multilinear_utility,
year={1978},
issn={0040-5833},
journal={Theory and Decision},
volume={9},
number={2},
doi={10.1007/BF00131771},
title={Mixture axioms in linear and multilinear utility theories},
url={http://dx.doi.org/10.1007/BF00131771},
publisher={Kluwer Academic Publishers},
author={Fishburn, Peter C. and Roberts, Fred S.},
pages={161-171},
language={English}
}
