@article{Galanis_Unawareness_of_theorems,
  title={Unawareness of theorems},
  author={Galanis, Spyros},
  journal={Economic Theory},
  volume={52},
  number={1},
  pages={41--73},
  year={2013},
  publisher={Springer}
}