@article{Gale_Compact_sets_of_functions,
  title={Compact sets of functions and function rings},
  author={Gale, David},
  journal={Proceedings of the American Mathematical Society},
  volume={1},
  number={3},
  pages={303--308},
  year={1950}
}