@article{Ghirardato_Ignorance,
  title={Coping with ignorance: unforeseen contingencies and non-additive uncertainty},
  author={Ghirardato, Paolo},
  journal={Economic Theory},
  volume={17},
  number={2},
  pages={247--276},
  year={2001},
  publisher={Springer}
}