@article{GHTV_Imprecise_information,
  title={Attitude toward imprecise information},
  author={Gajdos, Thibault and Hayashi, Takashi and Tallon, J-M and Vergnaud, J-C},
  journal={Journal of Economic Theory},
  volume={140},
  number={1},
  pages={27--65},
  year={2008},
  publisher={Elsevier}
}