@book{Gilboa_Theory_of_decision_under_uncertainty,
  title={Theory of decision under uncertainty},
  author={Gilboa, I.},
  isbn={9780521741231},
  lccn={2008042408},
  series={Econometric Society monographs},
  url={http://books.google.com/books?id=jcjgPAAACAAJ},
  year={2009},
  publisher={Cambridge University Press}
}
