@misc{GKMQT_Robust_experiments,
  author =   {Grant, Simon and Kline, Jeffrey and Meneghel, Idione and Quiggin, John and Tourky, Rabee},
  year = {2015},
  title =    {A theory for robust experiments for choice under uncertainty},
  howpublished = "\url{http://www.uq.edu.au/rsmg/WP/Risk_and_Uncertainty/WPR14_1.pdf}",
  note = "[Online; accessed 18-Feb-2015]"
}