@article{GKOQ-Submodels,
year={2015},
issn={0040-5833},
journal={Theory and Decision},
doi={10.1007/s11238-015-9485-0},
title={Sub-models for interactive unawareness},
url={http://dx.doi.org/10.1007/s11238-015-9485-0},
publisher={Springer US},
keywords={Interactive unawareness; Sub-models; Events},
author={Grant, Simon and Kline, J.Jude and O'Callaghan, Patrick H. and Quiggin, John},
pages={1-13},
language={English}
}
