@article{GKPS_Generalised,
  title={A generalized representation theorem for Harsanyi's (`impartial') observer},
  author={Grant, Simon and Kajii, Atsushi and Polak, Ben and Safra, Zvi},
  journal={Social Choice and Welfare},
  volume={39},
  number={4},
  pages={833--846},
  year={2012},
  publisher={Springer}
}