@article{GKPS_Utilitarianism,
author = {Grant, Simon and Kajii, Atsushi and Polak, Ben and Safra, Zvi},
journal = {Econometrica},
title = {Generalized utilitarianism and {Harsanyi's} impartial observer theorem},
number = {6},
pages = {1939--1971},
volume = {78},
year = {2010}
}