@article{GM_Perfect_compacta,
  title={Perfect compacta and basis problems in topology},
  author={Gruenhage, Gary and Moore, Justin Tatch},
  journal={Open problems in topology II},
  pages={151},
  year={2011},
  publisher={Elsevier}
}