@book{GP_Differential_topology,
  title={Differential topology},
  author={Guillemin, V. and Pollack, A.},
  isbn={9780132126052},
  lccn={lc74004115},
  series={Mathematics Series},
  url={http://books.google.com/books?id=CmbwAAAAMAAJ},
  year={1974},
  publisher={Prentice-Hall}
}
