@article{GPS_Rationality,
year={2012},
issn={0039-7857},
journal={Synthese},
volume={187},
number={1},
doi={10.1007/s11229-011-0034-2},
title={Rationality of belief or: why Savage's axioms are neither necessary nor sufficient for rationality},
url={http://dx.doi.org/10.1007/s11229-011-0034-2},
publisher={Springer Netherlands},
keywords={Probability; Rationality; Beliefs; Bayesian paradigm; Savage axioms},
author={Gilboa, Itzhak and Postlewaite, Andrew and Schmeidler, David},
pages={11-31},
language={English}
}
