@article{GPS_Psychological_games,
  title={Psychological games and sequential rationality},
  author={Geanakoplos, John and Pearce, David and Stacchetti, Ennio},
  journal={Games and Economic Behavior},
  volume={1},
  number={1},
  pages={60--79},
  year={1989},
  publisher={Elsevier}
}