@article{GS_Act_similarity,
  title={Act similarity in case-based decision theory},
  author={Gilboa, Itzhak and Schmeidler, David},
  journal={Economic Theory},
  volume={9},
  number={1},
  pages={47--61},
  year={1997},
  publisher={Springer}
}
