@book{GS_CBDT_Book,
  title={A theory of case-based decisions},
  author={Itzhak Gilboa and David Schmeidler},
  isbn={9780521003117},
  lccn={2001275966},
  url={http://books.google.co.uk/books?id=ZwiCuwlQLhgC},
  year={2001},
  publisher={Cambridge University Press}
}
