@article{GS_Context_EU,
title = "A derivation of expected utility maximization in the context of a game",
author = "Itzhak Gilboa and David Schmeidler",
journal = "Games and Economic Behavior",
volume = "44",
number = "1",
pages = "172 - 182",
%doi = "10.1016/S0899-8256(03)00015-0",
%issn = "0899-8256",
year = "2003"
%url = "http://www.sciencedirect.com/science/article/pii/S0899825603000150"
}