@article{GS_Inductive_inference,
%     jstor_articletype = {research-article},
     title = {Inductive Inference: An Axiomatic Approach},
     author = {Itzhak Gilboa and David Schmeidler},
     journal = {Econometrica},
     volume = {71},
     number = {1},
     pages = {1-26},
     year = {2003},
     publisher = {The Econometric Society}
     }
 %    ISSN = {00129682},