@article{GS_Maxmin,
author = {Itzhak Gilboa and David Schmeidler}, 
journal = {Journal of Mathematical Economics},
title = {Maxmin expected utility with non-unique prior},
issue = {2},
pages = {141--153},
volume = {18},
year = {1989}
}