@article{GS_Restatement,
title = "New proofs of classical insertion theorems",
author = "Chris Good and Ian Stares",
journal = "Comment. Math. Univ. Carolinae",
volume = "41",
number = "1",
pages = "139 - 142",
year = "2000"
}

