@article{GSS_Ultimatum_game,
  title={An experimental analysis of ultimatum bargaining},
  author={G{\"u}th, Werner and Schmittberger, Rolf and Schwarze, Bernd},
  journal={Journal of Economic Behavior \& Organization},
  volume={3},
  number={4},
  pages={367--388},
  year={1982},
  publisher={Elsevier}
}