@article{GT_Preference_reversals,
  title={Economic theory of choice and the preference reversal phenomenon},
  author={Grether, David M and Plott, Charles R},
  journal={The American Economic Review},
  pages={623--638},
  year={1979},
  publisher={JSTOR}
}