@article{GT_Ultimatum_Survey,
  title={Ultimatum bargaining behavior: A survey and comparison of experimental results},
  author={G\"{u}th, Werner and Tietz, Reinhard},
  journal={Journal of Economic Psychology},
  volume={11},
  number={3},
  pages={417--449},
  year={1990},
  publisher={Elsevier}
}