@misc{Guardian_Merkel_strokes,
 title={Angela Merkel comforts sobbing refugee but says Germany can't help everyone},
 author={Kate Connolly},
 howpublished={The Guardian},
 year={16 July 2015},
 url={https://www.theguardian.com/world/2015/jul/16/angela-merkel-comforts-teenage-palestinian-asylum-seeker-germany}
}