@book{Halmos_Vector_spaces,
  author={P. R. Halmos},
  title = {Finite-dimensional vector spaces},
  publisher = {Springer-Verlag},
  address = {New York},
  year = {1974}
}
