@article{Hammond_Consistent_plans,
author = {P. J. Hammond}, 
title = {Consistent Plans, Consequentialism, and Expected Utility}, 
volume = {57}, 
number = {6}, 
pages = {1445-1449}, 
year = {1989}, 
URL = {http://www.jstor.org/stable/1913716}, 
journal = {Econometrica} 
}