%% This BibTeX bibliography file in UTF-8 format was created using Papers.
%% http://mekentosj.com/papers/

@article{Hammond_Ex-ante,
author = {P. J. Hammond}, 
journal = {Economica},
title = {Ex-ante and ex-post welfare optimality under uncertainty},
number = {191},
pages = {235--250},
volume = {48},
year = {1981},
date-added = {2011-02-02 17:41:42 +0000},
date-modified = {2011-08-08 12:35:58 +0100},
pmid = {10325091423744130335related:H32z-fEXSo8J},
local-url = {file://localhost/Users/patrickocal/Documents/Papers/2008Hammond_1981%3EEx-ante_and_ex-post_welfare_optimality_under_uncertainty.pdf},
uri = {papers://3F61D3AB-1EA0-4FA3-A622-9B217C82ECD7/Paper/p351},
read = {Yes},
rating = {0}
}

