@article{Heinonen_Nonsmooth_calculus,
  title={Nonsmooth calculus},
  author={Heinonen, Juha},
  journal={Bulletin of the American Mathematical Society},
  volume={44},
  number={2},
  pages={163--232},
  year={2007}
}