@article{Hernandez_Double_arrow,
  title={Countable dense homogeneity and the double arrow space},
  author={Hern\'{a}ndez-Guti\'{e}rrez, Rodrigo},
  journal={Topology and its Applications},
  volume={160},
  number={10},
  pages={1123--1128},
  year={2013},
  publisher={Elsevier}
}