@article{HHS_Knowing_whether_and_cardinality,
  title={Knowing whether, knowing that, and the cardinality of state spaces},
  author={Hart, Sergiu and Heifetz, Aviad and Samet, Dov},
  journal={journal of economic theory},
  volume={70},
  number={1},
  pages={249--256},
  year={1996},
  publisher={Elsevier}
}