
@article{Hildenbrand_Joint_continuity,
	Author = {Hildenbrand, Werner J.},
	Journal = {Journal of Economic Theory},
	Pages = {161-188},
	Title = {On Economies with Many Agents},
	Volume = {2},
	Year = {1970}}
