 @article{HM_Mixture_set,
     title = {An Axiomatic Approach to Measurable Utility},
     author = {Herstein, Israel N. and Milnor, John},
     journal = {Econometrica},
     volume = {21},
     number = {2},
     pages = {291--297},
     url = {http://www.jstor.org/stable/1905540},
     ISSN = {00129682},
     language = {English},
     year = {1953},
     publisher = {The Econometric Society}
    }