@article{HMS_Interactive_unawareness,
  title={Interactive unawareness},
  author={Heifetz, Aviad and Meier, Martin and Schipper, Burkhard C},
  journal={Journal of Economic Theory},
  volume={130},
  number={1},
  pages={78--94},
  year={2006},
  publisher={Elsevier}
}