@article{Houthakker_Revealed_preference,
  title={Revealed preference and the utility function},
  author={Houthakker, Hendrik S},
  journal={Economica},
  pages={159--174},
  year={1950},
  publisher={JSTOR}
}