@article{HR-Knowledge_of_unawareness,
  author    = {Joseph Y. Halpern and
               Leandro Chaves R{\^{e}}go},
  title     = {Reasoning About Knowledge of Unawareness Revisited},
  journal   = {CoRR},
  volume    = {abs/0906.4321},
  year      = {2009},
  url       = {http://arxiv.org/abs/0906.4321},
  archivePrefix = {arXiv},
  eprint    = {0906.4321},
  timestamp = {Mon, 13 Aug 2018 16:49:07 +0200},
  biburl    = {https://dblp.org/rec/bib/journals/corr/abs-0906-4321},
  bibsource = {dblp computer science bibliography, https://dblp.org}
}
