@article{HR-Knowledge_of_U,
  title={Reasoning about knowledge of unawareness},
  author={Halpern, Joseph Y and R{\^e}go, Leandro C},
  journal={Games and Economic Behavior},
  volume={67},
  number={2},
  pages={503--525},
  year={2009},
  publisher={Elsevier}
}