@article{HR-Knowledge_of_U_rev,
  title={Reasoning about knowledge of unawareness revisited},
  author={Halpern, Joseph Y and R{\^e}go, Leandro C},
  journal={Mathematical Social Sciences},
  volume={65},
  number={2},
  pages={73--84},
  year={2013},
  publisher={Elsevier}
}