@article{HV_Nonconvexities,
  title={Efficiency with Non-Convexities: Extending the ?Scandinavian Consensus? Approaches},
  author={Hammond, Peter J and Villar, Antonio},
  journal={The Scandinavian Journal of Economics},
  volume={100},
  number={1},
  pages={11--32},
  year={1998},
  publisher={Wiley Online Library}
}