@book{HW_Dimension_theory,
  title={Dimension theory},
  author={Hurewicz, W. and Wallman, H.},
  series={Princeton mathematical series},
  url={http://books.google.com/books?id=eMseAQAAIAAJ},
  year={1941},
  edition={Revised 1948},
  publisher={Princeton University Press}
}
