@book{Ichiishi_Game_theory,
author={Tatsuro Ichiishi},
title={Game theory for economic analysis},
year={1983},
publisher={Academic Press, Inc.},
isbn={0-12-370180-5}
}