@article{Jaffray_Separability,

author={Jean-Ives Jaffray},

title={Existence of a Continuous Utility Function: An Elementary Proof},

journal={Econometrica},

volume={43}, 

number={5/6},

year={1975}, 

pages={981-983},

url={http://www.jstor.org/stable/1911340}
}