@article{Johnson_Compact_nonmetrizable,
% ISSN = {00029890, 19300972},
% URL = {http://www.jstor.org/stable/2317335},
 author = {Roy A. Johnson},
 journal = {The American Mathematical Monthly},
 number = {2},
 pages = {172-176},
 publisher = {Mathematical Association of America},
 title = {A Compact Non-Metrizable Space Such That Every Closed Subset is a G-Delta},
 volume = {77},
 year = {1970}
}

