@book{Joshi_Topology,
  title={Introduction to general topology},
  author={Joshi, Kapil D},
  year={1983},
  publisher={New Age International}
}