@article{JR_Entropy_for_skewness_and_kurtosis,
  title={Entropy densities with an application to autoregressive conditional skewness and kurtosis},
  author={Rockinger, Michael and Jondeau, Eric},
  journal={Journal of Econometrics},
  volume={106},
  number={1},
  pages={119--142},
  year={2002},
  publisher={Elsevier}
}