@article{Junk_Maximum_entropy_for_reduced_moment_problems,
author = {Junk, Michael},
title = {MAXIMUM ENTROPY FOR REDUCED MOMENT PROBLEMS},
journal = {Mathematical Models and Methods in Applied Sciences},
volume = {10},
number = {07},
pages = {1001-1025},
year = {2000},
doi = {10.1142/S0218202500000513},

URL = {http://www.worldscientific.com/doi/abs/10.1142/S0218202500000513},
eprint = {http://www.worldscientific.com/doi/pdf/10.1142/S0218202500000513}
}


