@article{Kaneko_Epistemic_Introduction,
author = {Kaneko, M.}, 
journal = {Economic Theory},
title = {Epistemic Logics and their game theoretic applications: Introduction},
pages = {7--62},
volume = {19(1)},
year = {2002}
}

