@article{Kannai_Joint_continuity,
Author = {Yakar Kannai},
Journal = {Econometrica},
Pages = {791-815},
Title = {Continuity Properties of the Core of a Market},
Volume = {38},
Year = {1970}
}