@article{Karni_Medical_decision_making,
 title={A theory of medical decision making under uncertainty},
 author={E. Karni},
 year={2009},
 journal={Journal of Risk and Uncertainty},
 volume={39},
 number={1},
 pages={1--16}
}