@book{Kelley_Topology,
  title={General topology},
  author={Kelley, John L.},
  year={1955},
  publisher={Van Nostrand}
}