@article{KKT_Dictator_game,
  title={Fairness and the assumptions of economics},
  author={Kahneman, Daniel and Knetsch, Jack L and Thaler, Richard H},
  journal={Journal of business},
  pages={S285--S300},
  year={1986},
  publisher={JSTOR}
}