@book{KLST_Measurement_theory_1,
author={Krantz, D. H. and Luce, R. D. and Suppes P. and Tversky A.},
title={Foundations of measurement, Vol.I: Additive and polynomial representations},
publisher={New York: Academic Press},
year={1971}
}