@article{KR_Reference-dependent_preferences,
author={Botond K\H{o}szegy and Matthew Rabin},
title={A model of reference-dependent preferences},
journal={The Quarterly Journal of Economics},
volume={121(4)},
pages={1133--1165},
year={2006}
}