@article{KR_Reference-dependent_risk_attitudes,
 title={Reference-Dependent Risk Attitudes}, 
 volume={97}, 
 url={http://pubs.aeaweb.org/doi/abs/10.1257/aer.97.4.1047}, 
 number={4},
 journal={American Economic Review}, 
 publisher={American Economic Association}, 
 author={Botond K\H{o}szegi and Matthew Rabin}, 
 year={2007}, 
 pages={1047--1073}
 }