@book{Kreps_Notes,
  title={Notes on the theory of choice},
  author={Kreps, David M.},
%  isbn={9780813375533},
  lccn={lc88004975},
  series={Underground classics in economics},
%  url={http://books.google.com/books?id=9D0Oljs5GrQC},
  year={1988},
  publisher={Westview Press}
}
