@article{KS_Extension_of_vNM,
author = {Karni, E. and Safra, Z.}, 
journal = {Journal of Mathematical Economics},
title = {An extension of a theorem of von {Neumann and Morgenstern} with an application to social choice theory},
number = {3},
pages = {315--327},
volume = {34},
year = {2000},
uri = {papers://3F61D3AB-1EA0-4FA3-A622-9B217C82ECD7/Paper/p463},
rating = {0}
}