@article{KT_Prospect_theory,
author={Kahneman, Daniel and Tversky, Amos},
title={Prospect theory: and analysis of decision under risk},
journal={Econometrica},
volume={47(2)},
pages={263--291},
year={1979}
}