@book{Kuratowski_2,
  title={Topology},
  author={Kuratowski, K.},
 volume={2},
  lccn={66029221},
  series={Topology},
  url={http://books.google.com/books?id=PU\_vAAAAMAAJ},
  year={1968},
  publisher={Academic Press}
}
