@book{Kuratowski_1,
  title={Topology},
  author={Kuratowski, K.},
  volume={1},
  lccn={66029221},
  series={Topology},
  url={http://books.google.com/books?id=Q1nvAAAAMAAJ},
  year={1968},
  publisher={Academic Press}
}
