@article{KV-Awareness_of_U,
  title={Awareness of unawareness: a theory of decision making in the face of ignorance},
  author={Karni, Edi and Vier{\o}, Marie-Louise},
  journal={Journal of Economic Theory},
  volume={168},
  pages={301--328},
  year={2017},
  publisher={Elsevier}
}