@article{KV_Reverse_Bayes,
  title={?Reverse Bayesianism?: a choice-based theory of growing awareness},
  author={Karni, Edi and Vier{\o}, Marie-Louise},
  journal={The American Economic Review},
  volume={103},
  number={7},
  pages={2790--2810},
  year={2013},
  publisher={American Economic Association}
}