@book{Lambek_Rings_and_modules,
  title={Lectures on Rings and Modules},
  author={Lambek, Joachim},
  isbn={9780828422833},
  series={Chelsea Publishing Series},
  year={1986},
  publisher={Chelsea Publishing Company}
}
%  url={http://books.google.com.au/books?id=LQPid5RSkJsC},