@article{Levin_Joint_continuity,
author={Levin, Vladimir L.},
title={A Continuous Utility Theorem for Closed Preorders on a $\sigma$-Compact Metrizable Space},
journal={Soviet Math. Doklady},
volume={28},
pages={715--718},
year={1983}
}