@article{Linton_et_al_Multivariate_variance,
  title={An investigation into multivariate variance ratio statistics and their application to stock market predictability},
  author={Hong, Seok Young and Linton, Oliver and Zhang, Hui Jun},
  year={2015}
}