%% This BibTeX bibliography file in UTF-8 format was created using Papers.
%% http://mekentosj.com/papers/

@article{LS_Regret,
author = {Loomes, G. and Sugden, R.}, 
journal = {The Economic Journal},
title = {Regret theory: An alternative theory of rational choice under uncertainty},
number = {368},
pages = {805--824},
volume = {92},
year = {1982},
date-added = {2011-02-02 17:41:43 +0000},
date-modified = {2011-07-05 01:27:55 +0100},
pmid = {6853649771020522386related:kpOdkCcOHV8J},
local-url = {file://localhost/Users/patrickocal/Documents/Papers/2007Loomes_Sugden_1982%3ERegret_theory_An_alternative_theory_of_rational_choice_under_uncertainty.pdf},
uri = {papers://3F61D3AB-1EA0-4FA3-A622-9B217C82ECD7/Paper/p379},
rating = {0}
}

