@article{Mas-Colell_Public_good,
  title={Efficiency and decentralization in the pure theory of public goods},
  author={Mas-Colell, Andreu},
  journal={The Quarterly Journal of Economics},
  volume={94},
  number={4},
  pages={625--641},
  year={1980},
  publisher={Oxford University Press}
}