@article{Mas-Colell_Joint_continuity,
	author = {Mas-Colell, Andreu},
	journal = {International Economic Review},
	pages = {509-513},
	title = {On the Continuous Representation of Preorders},
	volume = {18},
	year = {1977}
	}
