@unpublished{McFadden_Synthesis,
  author =   {Daniel L. McFadden},
  year = {2004},
  title =    {Revealed Stochastic Preference: A Synthesis},
  note = {Preprint available at 
        http://hdl.handle.net/10.1007/s00199-004-0495-3}
}