@inbook{McFadden_Handbook,

author = {McFadden, Daniel L.},
book={Handbook of Econometrics},
publisher = {Elsevier Science Publishers BV},
title = {Econometric analysis of qualitative response models. Handbook of Econometrics},
chapter = {24},
volume = {II},
year = {1984}
}