@article{McLennan_Fixed_point_theory,
  title={Advanced fixed point theory for economics},
  author={McLennan, Andrew},
  journal={Unpublished manuscript, University of Queensland},
  year={2012}
}