@inproceedings{Mehta_Ordinal_utility,
author = {Ghanshyam B. Mehta},
editor={Barber{\'a}, S. and Hammond, P. J. and Seidl, C.},
booktitle = {Handbook of Utility Theory},
title = {Preference and Utility},
pages = {1--47},
volume = {1},
year = {1998}
}

