@article{Mejias_et_al_Signal_cancellation,
  title={Signal cancellation and contrast invariance in electrosensory systems},
  author={Mejias, Jorge F. and Marsat, Gary and Bol, Kieran and Harvey-Girard, Erik and Maler, Leonard and Longtin, Andre},
  journal={BMC Neuroscience},
  volume={13},
  number={Suppl 1},
  pages={F2},
  year={2012},
  publisher={BioMed Central}
}