@article{Michael_Selection,
author={Ernest Michael},
title={Continuous Selections I},
journal={The Annals of Mathematics},
volume={63(2)},
pages={361--382},
year={1956}
}