@article{Michael_Spaces_of_subsets,
  title={Topologies on spaces of subsets},
  author={Michael, Ernest},
  journal={Transactions of the American Mathematical Society},
  volume={71},
  number={1},
  pages={152--182},
  year={1951},
  publisher={JSTOR}
}