@inproceedings{Milnor_Surgery,
  title={A procedure for killing homotopy groups of differentiable manifolds},
  author={Milnor, John},
  booktitle={Proc. Sympos. Pure Math},
  volume={3},
  pages={39--55},
  year={1961}
}