@article{MM_Lexicographic_semiorders,
  title={Choice by lexicographic semiorders},
  author={Manzini, Paola and Mariotti, Marco},
  year={2009},
  publisher={IZA Discussion Paper}
}