@article{MO_Status_quo_bias,
 title={Rational choice with status quo bias},
  volume={121},
   url={http://linkinghub.elsevier.com/retrieve/pii/S0022053104001115},
    number={1},
     journal={Journal of Economic Theory},
      publisher={Elsevier},
       author={Masatlioglu, Yusufcan and Ok, Efe A},
        year={2005},
         pages={1--29}
         }