@article{Mongin_Mixture_set,
author={P. Mongin},
year={ 2001},
title={A note on mixture sets in decision theory},
journal={Decisions in Economics and Finance},
publisher={Springer},
volume={24},
number={1},
pages={59-69}
}