@article{Monteiro_Path_connected,
  title={Some results on the existence of utility functions on path connected spaces},
  author={Monteiro, Paulo Klinger},
  journal={Journal of Mathematical Economics},
  volume={16},
  number={2},
  pages={147--156},
  year={1987},
  publisher={Elsevier}
}