@article{MR_Hindu-Muslim_violence,
  title={Implications of an economic theory of conflict: Hindu-Muslim violence in India},
  author={Mitra, Anirban and Ray, Debraj},
  journal={Journal of Political Economy},
  volume={122},
  number={4},
  pages={719--765},
  year={2014},
  publisher={JSTOR}
}