@article{MS_Envelope_theorems,
  title={Envelope theorems for arbitrary choice sets},
  author={Milgrom, Paul and Segal, Ilya},
  journal={Econometrica},
  volume={70},
  number={2},
  pages={583--601},
  year={2002},
  publisher={Wiley Online Library}
}