@article{MSS_Civil_conflict,
  title={Economic shocks and civil conflict: An instrumental variables approach},
  author={Miguel, Edward and Satyanath, Shanker and Sergenti, Ernest},
  journal={Journal of political Economy},
  volume={112},
  number={4},
  pages={725--753},
  year={2004},
  publisher={JSTOR}
}