%% This BibTeX bibliography file in UTF-8 format was created using Papers.
%% http://mekentosj.com/papers/

@article{MU_Best_response_equivalence,
author = {S. Morris and T. Ui}, 
journal = {Games and Economic Behavior},
title = {Best response equivalence},
number = {2},
pages = {260--287},
volume = {49},
year = {2004},
date-added = {2011-02-02 17:41:44 +0000},
date-modified = {2011-08-08 13:56:54 +0100},
pmid = {15448405519143641337related:-aC9cvjCY9YJ},
local-url = {file://localhost/Users/patrickocal/Documents/Papers/2004Morris_Ui_2004%3EBest_response_equivalence.pdf},
uri = {papers://3F61D3AB-1EA0-4FA3-A622-9B217C82ECD7/Paper/p307},
read = {Yes},
rating = {0}
}

