@article{Mukerji_Nonadditive,
  title={Understanding the nonadditive probability decision model},
  author={Mukerji, Sujoy},
  journal={Economic Theory},
  volume={9},
  number={1},
  pages={23--46},
  year={1997},
  publisher={Springer}
}