@book{Munkres_Topology,
  title={Topology},
  author={Munkres, James R.},
%  isbn={9780131816299},
%  url={\url{http://books.google.com/books?id=XjoZAQAAIAAJ}},
  year={2000},
  publisher={Prentice Hall},
  edition={2nd}
}
