@book{MWG_Microeconomic_theory_Book,
  title={Microeconomic theory},
  author={Mas-Colell, A. and Whinston, M.D. and Green, J.R.},
  isbn={9780195102680},
  lccn={95018128},
  url={http://books.google.com/books?id=sQGDQgAACAAJ},
  year={1995},
  publisher={Oxford University Press}
}
