

@article{Myerson_Scoring_rules,
author = {R. B. Myerson}, 
journal = {Social choice and welfare},
title = {Axiomatic derivation of scoring rules without the ordering assumption},
pages = {59--74},
volume = {12},
year = {1995}
}