@article{MZ_Bayesian_analysis_for_games,
	author={Mertens, Jean-Francois and Zamir, Shmuel},
	title={Formulation of Bayesian analysis for games with incomplete information},
	journal={International jounal of game theory},
	volume={14},
	issue={1},
	page={1-29},
	year={1985}
}