@article{MZ_Infinite_dimensional_commodity_spaces,
  title={Equilibrium theory in infinite dimensional spaces},
  author={Mas-Colell, Andreu and Zame, William R},
  journal={Handbook of mathematical economics},
  volume={4},
  pages={1835--1898},
  year={1991},
  publisher={Elsevier}
}