@article{Nakamura_EU_interval_order,
author={Nakamura, Y.},
title={Expected utility with an interval ordered structure},
journal={Journal of mathematical psychology},
volume={32},
pages={298--312},
year={1988}
}