@book{Nelson_Dynamical,
  title={Dynamical theories of Brownian motion},
  author={Nelson, Edward},
  volume={2},
  year={1967},
  publisher={Princeton university press Princeton}
}