@article{Nelson_Feynman_integrals,
%  title={Feynman integrals and the Schr{\"o}dinger equation},
  title={Feynman integrals and the Schrodinger equation},
  author={Nelson, Edward},
  journal={Journal of Mathematical Physics},
  volume={5},
  number={3},
  pages={332--343},
  year={1964},
  publisher={AIP Publishing}
}