@book{Nelson_Operator,
  title={Operator Differential Equations: Notes for Mathematics 520, 1964-1965},
  author={Nelson, Edward},
  url={http://books.google.com.au/books?id=ahMOHQAACAAJ},
  year={1965},
  publisher={Princeton University}
}
