@article{NP_Diversity,
  title={A theory of diversity},
  author={Nehring, Klaus and Puppe, Clemens},
  journal={Econometrica},
  volume={70},
  number={3},
  pages={1155--1198},
  year={2002},
  publisher={Wiley Online Library}
}