@inproceedings{NP_Diversity_Handbook,
  author={Klaus Nehring and Clemens Puppe},
  title={Diversity},
  year={2009},
  pages={298--320},
  editor={P. Anand, P. Pattanaik and C. Puppe}, 
  booktitle = {The Handbook of Rational and Social Choice},
  publisher={Oxford University Press}
}
