@book{Nualart_Malliavin_calculus,
  title={The Malliavin calculus and related topics},
  author={Nualart, David},
  volume={1995},
  year={2006},
  publisher={Springer}
}