@unpublished{OCal_Umax_in_context,
author={O'Callaghan, Patrick},
title={Utility maximisation in the context of a game},
year={2015},
keywords={working}
}