@unpublished{OCal_Indecisive_planning,
author={O'Callaghan, Patrick},
title={Indecisive planning with belief dependent preferences},
year={March 2015},
keywords={working}
}