@unpublished{OCal_Partially_observable,
author={O'Callaghan, Patrick},
title={Partially observable expected utility maximisation in the context of a game},
year={2015},
keywords={working}
 }

