@unpublished{OCal_Lexicographic_reference_dependence,
author={O'Callaghan, Patrick},
title={Lexicographic reference dependence},
year={2015},
keywords={working}
}

