@misc{OCallaghan_EU_Extended,
  author = {Patrick H. D. O'Callaghan},
  title = {{Expected utility in the context of a game when preferences fail to be diverse}},
  howpublished = "\url{http://www.uq.edu.au/rsmg/WP/Risk_and_Uncertainty/WPR14_?.pdf}",
  year = {2014},
keyword = {Submitted for review}
}