@unpublished{OCal_HM_extension,
author={O'Callaghan, Patrick},
title={Independence on links between small worlds: an extension of Herstein and Milnor},
year={2015},
keywords={working}
}