@unpublished{OCallaghan-Partial_mixture_sets,
title = "Axioms for measuring utility on partial mixture sets",
journal="Journal of Mathematical Economics",
abstract= "\href{https://www.dropbox.com/s/63um0kt52170rwd/OCallaghan-HM_extension_to_partial_mixture_sets.pdf?raw=1}{\textsc{preprint}}",
author = "Patrick H. O'Callaghan"
}