@article{OCallaghan_Thesis,
author ={Patrick H. D. O'Callaghan},
title={Context and Decision: three approaches to representing preferences},
journal={University of Warwick PhD Thesis},
year={2012},
publisher={http:www2.warwick.ac.uk/fac/soc/economics/staff/phd_students/ocallaghan/research/}
}