
@misc{OCallaghan_Uncountable_representation,
  author = {Patrick H. D. O'Callaghan},
  title = {{Ordinal, nonlinear context-dependence: part II}},
  howpublished = "\url{http://www.uq.edu.au/rsmg/WP/Risk_and_Uncertainty/WPR13_6.pdf}",
  year = {2013}, 
  note = "[Online]"
}
