@unpublished{OCal_Parametric_continuity,
author={O'Callaghan, Patrick},
title={Minimal conditions for parametric continuity of a utility representation},
year={2015},
keywords={submitted}
}