@misc{OCallaghan_Ordinal_nonlinear_countable,
  author = {Patrick H. D. O'Callaghan},
  title = {{Ordinal, nonlinear context-dependence: continuity across contexts}},
  howpublished = "\url{http://www.uq.edu.au/rsmg/WP/Risk_and_Uncertainty/WPR13_4.pdf}",
  year = {2013}, 
  note = "[Submitted for review]"
}
