@unpublished{OCal_Continuous_context,
author={O'Callaghan, Patrick},
title={Continuous context dependence},
year={2015},
keywords={submitted}
}