@unpublished{OQ_Rules_of_thumb,
author={O'Callaghan, Patrick and Quiggin, John},
title={Rules of thumb for the early stages of a game},
year={April 2015},
keywords={project}
}