@book{Orlik_Arrangements,
  title={Introduction to arrangements},
  author={Orlik, P.},
  isbn={9780821807231},
  lccn={73022276},
  series={Regional conference series in mathematics},
  url={http://books.google.com/books?id=VLZVQueu1qcC},
  year={1989},
  publisher={Published for the Conference Board of the Mathematical Sciences by the American Mathematical Society}
}
