@article{Ostraszewski_Compact_ordered_spaces,
author = {Ostaszewski, Adam J.}, 
title = {A Characterization of Compact, Separable, Ordered Spaces},
volume = {s2-7}, 
number = {4}, 
pages = {758--760}, 
year = {1974}, 
URL = {http://jlms.oxfordjournals.org/content/s2-7/4/758.short}, 
eprint = {http://jlms.oxfordjournals.org/content/s2-7/4/758.full.pdf+html}, 
journal = {Journal of the London Mathematical Society}
}
%doi = {10.1112/jlms/s2-7.4.758}, 