@book{OT-Arrangements,
  title={Arrangements of hyperplanes},
  author={Orlik, Peter and Terao, Hiroaki},
  volume={300},
  year={2013},
  publisher={Springer Science \& Business Media}
}