@book{Parthasarathy_Probability_on_metric,
  title={Probability measures on metric spaces},
  author={Parthasarathy, Kalyanapuram R.},
  volume={352},
  year={1967},
  publisher={American Mathematical Soc.}
}