@article{PF_Structural_and_functional_brain_networks,
author={H.-J. Park and K. Friston},
journal={ Science},
volume={ 342},
year={2013},
title={Structural and Functional Brain
Networks: From Connections to
Cognition},
number={1238411 }}