@article{PX_Context-dependence,
author={Pattanaik, Prasanta K. and Xu,Yongsheng},
title={On Dominance and Context-Dependence in Decisions Involving Multiple Attributes},
journal={Economics and Philosophy},
volume={28},
issue={Special Issue 02},
pages={117--132},
year={2012}
}