@article{PX_Minimal_relativism,
  title={Minimal relativism, dominance, and standard of living comparisons based on functionings},
  author={Pattanaik, Prasanta K and Xu, Yongsheng},
  journal={Oxford Economic Papers},
  volume={59},
  number={2},
  pages={354--374},
  year={2007},
  publisher={Oxford Univ Press}
}