@article{Quiggin_Anticipated_utility,
  title={A theory of anticipated utility},
  author={Quiggin, John},
  journal={Journal of Economic Behavior \& Organization},
  volume={3},
  number={4},
  pages={323--343},
  year={1982},
  publisher={Elsevier}
}