@article{Richter_Revealed_preference,
journal={econometrica},
author={Marcel K. Richter},
title={Revealed Preference theory},
volume={Vol. 34},
pages={635-645},
year={1966}
}

