@article{roberts80comparability,
author= {K. W. S. Roberts},
title= {Interpersonal comparability and social choice theory},
journal={The Review of Economic Studies},
volume = 47,
number= 2,
year={1980},
issue= {Jan.},
pages= {421-439}
}