@article{RR_Back_to_fundamentals,
Author = {Richter, Michael and Rubinstein, Ariel},
Title = {Back to Fundamentals: Equilibrium in Abstract Economies},
Journal = {American Economic Review},
Volume = {105},
Number = {8},
Year = {2015},
Pages = {2570-94},
DOI = {10.1257/aer.20140270},
URL = {http://www.aeaweb.org/articles.php?doi=10.1257/aer.20140270}}
