@book{Rubinstein_Economics_and_language,
  title={Economics and language: Five essays},
  author={Rubinstein, Ariel},
  year={2000},
  publisher={Cambridge University Press}
}