@book{Rubinstein_Modeling_bounded_rationality,
  title={Modeling Bounded Rationality},
  author={Rubinstein, A.},
  isbn={9780262681001},
  lccn={97040481},
  series={Zeuthen lecture book series},
  url={https://books.google.com.au/books?id=Za3JLEIHu8YC},
  year={1998},
  publisher={MIT Press},
  note={See page 78 for the multi-selves model of games. Cites Strotz 1956. Nice discussion, but confusing regarding the issue of absent-mindedness. He must be informally intending a link with Selten's trembling hand. Conclusive remarks for this section are weak.}
}
