@book{Rubinstein00,
author={Rubinstein, A.},
year={2000},
title={Economics and Language},
publisher={Cambridge Univ. Press},
location={Cambridge},
}