@article{Sagi_Anchored,
title = "Anchored preference relations ",
journal = "Journal of Economic Theory ",
volume = "130",
number = "1",
pages = "283 - 295",
year = "2006",
issn = "0022-0531",
doi = "http://dx.doi.org/10.1016/j.jet.2005.01.009",
url = "http://www.sciencedirect.com/science/article/pii/S0022053105000992",
author = "Jacob S. Sagi",
keywords = "Non-expected utility,Reference dependence,Cumulative prospect theory,Decision theory,Utility representation,Anchoring,Status quo bias,Endowment effect"
}

