@article{Samuelson_38,
author={Samuelson, P.},
title={A Note on the Pure Theory of Consumers' Behaviour.},
year={1938},
journal={Economica},
volume={5},
pages= {61-71},
}