@article{Samuelson_Independence,
  title={Probability, utility, and the independence axiom},
  author={Samuelson, Paul A},
  journal={Econometrica: Journal of the Econometric Society},
  pages={670--678},
  year={1952},
  publisher={JSTOR}
}