@book{Savage_SEU,
  title={The foundations of statistics},
  author={Savage, Leonard J.},
  isbn={9780486623498},
  lccn={lc79188245},
  url={http://books.google.com/books?id=zSv6dBWneMEC},
  year={1972},
  publisher={Dover Publications}
}
