@article{Schipper_Awareness_dependent_SEU,
  title={Awareness-dependent subjective expected utility},
  author={Schipper, Burkhard C.},
  journal={International Journal of Game Theory},
  volume={42},
  number={3},
  pages={725--753},
  year={2013},
  publisher={Springer}
}