@article{Schipper_Preference-based,
  title={Preference-based unawareness},
  author={Schipper, Burkhard C},
  journal={Mathematical Social Sciences},
  volume={70},
  pages={34--41},
  year={2014},
  publisher={Elsevier}
}