@article{Schmidt_Reference-dependence,
author={Schmidt, U.},
title={Reference dependence in cumulative prospect theory},
journal={Journal of mathematical psychology},
volume={47},
pages={122--131},
year={2003}
}
