%% This BibTeX bibliography file in UTF-8 format was created using Papers.
%% http://mekentosj.com/papers/

@article{Schmeidler_Subjective_probability_without_additivity,
author = {David Schmeidler}, 
journal = {Econometrica},
title = {Subjective probability and expected utility without additivity},
number = {3},
pages = {571--587},
volume = {57},
year = {1989},
date-added = {2011-02-02 17:41:46 +0000},
date-modified = {2011-08-08 04:26:50 +0100},
pmid = {16489121961293651680related:4B4AiQ8h1eQJ},
local-url = {file://localhost/Users/patrickocal/Documents/Papers/Schmeidler1989Subjective%20probability%20and%20expected%20utilityEconometrica%20Journal%20of%20the%20Econometric%20Society.pdf},
uri = {papers://3F61D3AB-1EA0-4FA3-A622-9B217C82ECD7/Paper/p432},
read = {Yes},
rating = {5}
}

