@article{Scott_Suppes_58,
author = {D. Scott and P. Suppes}, 
journal = {The Journal of Symbolic Logic},
title = {Foundational Aspects of Theories of Measurement},
number = {2},
pages = {113-128},
volume = {23},
year = {1958},
uri = {http://www.jstor.org/stable/2964389}
}

