@article{Selten_Evolution_learning_and_economic_behavior,
  title={Evolution, learning, and economic behavior},
  author={Selten, Reinhard},
  journal={Games and Economic Behavior},
  volume={3},
  number={1},
  pages={3--24},
  year={1991},
  publisher={Elsevier},
  note={The following quote seems relevant:
  ``These remarks show that belief learning is closely connected to boundedly rational reasoning. Not only belief systems must be modelled but also their use in reasoning."
  }
}