@article{Sen_Internal,
  title={Internal consistency of choice},
  author={Sen, Amartya},
  journal={Econometrica: Journal of the Econometric Society},
  pages={495--521},
  year={1993},
  publisher={JSTOR}
}