@book{Seung_Connectome,
  title={Connectome: How the Brain's Wiring Makes Us Who We Are},
  author={Seung, S.},
  isbn={9780547508184},
  lccn={2011028602},
  url={http://books.google.com.au/books?id=uNDW\_dQ\_dlAC},
  year={2012},
  publisher={Houghton Mifflin Harcourt}
}
