%% This BibTeX bibliography file in UTF-8 format was created using Papers.
%% http://mekentosj.com/papers/

@article{Shafir_Simonson_Tversky_1993>Reason-based_choice,
author = {E. Shafir and I. Simonson and A. Tversky}, 
journal = {Cognition},
title = {Reason-based choice},
number = {1-2},
pages = {11--36},
volume = {49},
year = {1993},
date-added = {2011-02-02 17:41:46 +0000},
date-modified = {2011-08-08 04:38:27 +0100},
pmid = {7708212940028779852related:TB18P9QS-WoJ},
local-url = {file://localhost/Users/patrickocal/Documents/Papers/2001Shafir_Simonson_Tversky_1993%3EReason-based_choice.pdf},
uri = {papers://3F61D3AB-1EA0-4FA3-A622-9B217C82ECD7/Paper/p316},
read = {Yes},
rating = {0}
}

