@article{SL_Preference_reversals,
  title={Preference reversals: A broader perspective},
  author={Slovic, Paul and Lichtenstein, Sarah},
  journal={The American Economic Review},
  pages={596--605},
  year={1983},
  publisher={JSTOR}
}