@article{SS_Continuous_time_games,
  title={Extensive form games in continuous time: Pure strategies},
  author={Simon, Leo K and Stinchcombe, Maxwell B},
  journal={Econometrica: Journal of the Econometric Society},
  pages={1171--1214},
  year={1989},
  publisher={JSTOR}
}