@book{SS_Counterexamples,
        author = "Lynn Arthur Steen and J. Arthur Seebach",
        title = "Counterexamples in Topology",
        publisher = "Springer-Verlag New York",
        edition = "2",
        doi = "10.1007/978-1-4612-6290-9",
        year = "1978"
}