@book{hume1896treatise,
  title={A treatise of human nature},
  author={Hume, David},
  year={1896},
  origdate={1739},
  publisher={Clarendon Press}
}

@article{chervonenkis-recollections,
  title={Chervonenkisâ€™s recollections},
  author={Chervonenkis, Alexey},
  journal={Measures of Complexity: Festschrift for Alexey Chervonenkis},
  pages={3--8},
  year={2015},
  publisher={Springer}
}
@article{bartlett1933remembering,
  title={Remembering: A Study in Experimental and Social Psychology},
  author={Bartlett, FC},
  journal={Mind},
  volume={42},
  number={167},
  year={1933}
}

@article{suddendorf2007evolution,
  title={The evolution of foresight: What is mental time travel, and is it
    unique to humans?},
  author={Suddendorf, Thomas and Corballis, Michael C},
  journal={Behavioral and brain sciences},
  volume={30},
  number={3},
  pages={299--313},
  year={2007},
  publisher={Cambridge University Press}
}

@article{mullally2014memory,
  title={Memory, imagination, and predicting the future: A common brain
    mechanism?},
  author={Mullally, Sin{\'e}ad L and Maguire, Eleanor A},
  journal={The Neuroscientist},
  volume={20},
  number={3},
  pages={220--234},
  year={2014},
  publisher={Sage Publications Sage CA: Los Angeles, CA}
}

@book{hastie2009elements,
  title={The elements of statistical learning: data mining, inference, and
    prediction},
  author={Hastie, Trevor and Tibshirani, Robert and and Friedman, Jerome H},
%  edition={2},
  year={2009},
  origdate={2001},
  publisher={Springer}
}

@article{bousquet2002stability,
  title={Stability and generalization},
  author={Bousquet, Olivier and Elisseeff, Andr{\'e}},
  journal={The Journal of Machine Learning Research},
  volume={2},
  pages={499--526},
  year={2002},
  publisher={JMLR. org}
}

@article{mukherjee2006learning,
  title={Learning theory: stability is sufficient for generalization and
    necessary and sufficient for consistency of empirical risk minimization},
  author={Mukherjee, Sayan and Niyogi, Partha and Poggio, Tomaso and Rifkin,
    Ryan},
  journal={Advances in Computational Mathematics},
  volume={25},
  pages={161--193},
  year={2006},
  publisher={Citeseer}
}

@article{poggio2004general,
  title={General conditions for predictivity in learning theory},
  author={Poggio, Tomaso and Rifkin, Ryan and Mukherjee, Sayan and Niyogi,
    Partha},
  journal={Nature},
  volume={428},
  number={6981},
  pages={419--422},
  year={2004},
  publisher={Nature Publishing Group UK London}
}

@article{fama1970efficient,
  title={Efficient capital markets: A review of theory and empirical work},
  author={Fama, Eugene F},
  journal={The journal of Finance},
  volume={25},
  number={2},
  pages={383--417},
  year={1970},
  publisher={JSTOR}
}

@article{malkiel1989efficient,
  title={Efficient market hypothesis},
  author={Malkiel, Burton G},
  journal={Finance},
  pages={127--134},
  year={1989},
  publisher={Springer}
}

@article{long1983real,
  title={Real business cycles},
  author={Long Jr, John B and Plosser, Charles I},
  journal={Journal of political Economy},
  volume={91},
  number={1},
  pages={39--69},
  year={1983},
  publisher={The University of Chicago Press}
}

@article{atalay2017important,
  title={How important are sectoral shocks?},
  author={Atalay, Enghin},
  journal={American Economic Journal: Macroeconomics},
  volume={9},
  number={4},
  pages={254--280},
  year={2017},
  publisher={American Economic Association 2014 Broadway, Suite 305, Nashville,
    TN 37203-2425}
}
