@article{Stecher_et_al_Generating_ambiguity,
  title={Generating ambiguity in the laboratory},
  author={Stecher, Jack and Shields, Timothy and Dickhaut, John},
  journal={Management Science},
  volume={57},
  number={4},
  pages={705--712},
  year={2011},
  publisher={INFORMS}
}