@article{Stone_Product_spaces,
  title={Paracompactness and product spaces},
  author={Stone, Arthur H.},
  journal={Bulletin of the American Mathematical Society},
  volume={54},
  number={10},
  pages={977--982},
  year={1948}
}