@article{Stoyanov_Krein_condition,
author = "Stoyanov, Jordan",
fjournal = "Bernoulli",
journal = "Bernoulli",
month = "10",
number = "5",
pages = "939--949",
publisher = "Bernoulli Society for Mathematical Statistics and Probability",
title = "Krein condition in probabilistic moment problems",
url = "http://projecteuclid.org/euclid.bj/1081282696",
volume = "6",
year = "2000"
}
