@book{Strang_Linear_algebra,
  title={Linear algebra and its applications},
  author={Strang, G.},
  isbn={9780155510050},
  lccn={87083019},
  url={http://books.google.com/books?id=X2SmQgAACAAJ},
  year={1988},
  publisher={Harcourt, Brace, Jovanovich, Publishers}
}
