@book{Sundaram_Optimisation_theory,
  title={A first course in optimization theory},
  author={Sundaram, Rangarajan K.},
  year={1996},
  publisher={Cambridge university press}
}