@article{SZ_Discrete_envelope_theorem,
  title={Some envelope theorems for integer and discrete choice variables},
  author={Sah, Raaj Kumar and Zhao, Jingang},
  journal={International Economic Review},
  volume={39},
  number={3},
  pages={623--634},
  year={1998}
}