@book{Taylor_Measure_theory_and_integration,
author={Michael E. Taylor},
title={Measure theory and integration},
year={2006},
%isbn={9780821841808},
series={Graduate Studies in Mathematics},
publisher={American Mathematical Society},
volume={76}
}