@book{Tkachuk_Cp_theory,
  title={A Cp-Theory Problem Book},
  author={Tkachuk, Vladimir V.},
  year={2011},
  publisher={Springer}
}