@article{TSK_Preference_reversals,
  title={The causes of preference reversal},
  author={Tversky, Amos and Slovic, Paul and Kahneman, Daniel},
  journal={The American Economic Review},
  pages={204--217},
  year={1990},
  publisher={JSTOR}
}