@article{Tversky_Simonson_Context-dependent_preferences,
author={Tversky, A. and Simonson, I.},
title={Context-dependent preferences},
journal={Management Science},
volume={39(10)},
pages={1179--1189},
year={1993}
}