@article{Tversky_Intransitivity,
  title={Intransitivity of preferences},
  author={Tversky, Amos},
  journal={Psychological review},
  volume={76},
  number={1},
  pages={31},
  year={1969},
  publisher={American Psychological Association}
}