@article{TZ_Order_topology,
title = {A Characterization of Order Topologies by Means of Minimal T0-Topologies},
author = {Thron, W. J. and Zimmerman, Susan J.},
journal = {Proceedings of the American Mathematical Society},
volume = {27},
number = {1},
pages = {pp. 161-167},
year = {1971},
publisher = {American Mathematical Society}
}