@article{Vaughan_Lexicographic_products,
  title={Lexicographic products and perfectly normal spaces},
  author={Vaughan, Jerry E.},
  journal={American Mathematical Monthly},
  pages={533--536},
  year={1971},
  publisher={JSTOR}
}