@article{Vincke_Semiorder,
  title={Linear utility functions on semiordered mixture spaces},
  author={Vincke, Philippe},
  journal={Econometrica: Journal of the Econometric Society},
  pages={771--775},
  year={1980},
  publisher={JSTOR}
}