@book{VindGrodal2003independence,
        author = "K. Vind and B. Grodal",
        title = "Independence, Additivity, Uncertainty",
        publisher = "Springer",
        address = "http://springer.de",
        year = "2003"
        }