@book{vNM_Book,
author= {John {von Neumann} and Oscar Morgenstern},
title= "Theory of games and economic behavior",
year= "1944",
publisher = "Princeton University Press",
address   = "Princeton and Oxford",
edition  = "{Sixtieth anniversary}"
}