@book{von_Neumann_The_computer_and_the_brain,
  title={The computer and the brain},
  author={{von Neumann}, John},
  year={1976},
  publisher={Yale University Press}
}