@book{Webster_convexity,
  title={Convexity},
  author={Webster, R.},
  isbn={9780198531470},
  lccn={93034951},
  series={Oxford science publications},
  url={http://books.google.com/books?id=SWQmykCwabwC},
  year={1994},
  publisher={Oxford University Press}
}
