@article{Wold_Ordinal_utility,
author={Wold, H.},
title={A synthesis of pure demand analysis I, II and III},
journal={Skandinavisk Actuarietidskrift},
volume={26},
pages={85--118, 220--263, 69--120},
year={1943--44}
}