@article{Young_Scoring_functions,
author = {P. H. Young}, 
journal = {SIAM journal of applied mathematics},
title = {Social choice scoring functions},
pages = {824--838},
volume = {28},
year = {1975}
}