@book{Zabczyk_Chance_and_decision,
  title={Chance and decision: stochastic control in discrete time},
  author={Zabczyk, J.},
  url={http://books.google.com/books?id=3Y9fKQEACAAJ},
  year={1996},
  publisher={Scuola Normale Superiore}
}
