@incollection{Zamir_Bayesian_games_2009,
  title={Bayesian games: Games with incomplete information},
  author={Shmuel Zamir},
  editor={Meyers, Robert A.},
  booktitle={Encyclopedia of Complexity and Systems Science},
  pages={426--441},
  year={2009},
  publisher={Springer}
}