
@book{hume_treatise_1896,
	title = {A treatise of human nature},
	publisher = {Clarendon Press},
	author = {Hume, David},
	date = {1896},
}

@article{chervonenkis_chervonenkiss_2015,
	title = {Chervonenkis’s recollections},
	pages = {3--8},
	journaltitle = {Measures of Complexity: Festschrift for Alexey Chervonenkis},
	author = {Chervonenkis, Alexey},
	date = {2015},
	note = {Publisher: Springer},
}

@article{bartlett_remembering_1933,
	title = {Remembering: A Study in Experimental and Social Psychology},
	volume = {42},
	number = {167},
	journaltitle = {Mind},
	author = {Bartlett, {FC}},
	date = {1933},
}

@article{suddendorf_evolution_2007,
	title = {The evolution of foresight: What is mental time travel, and is it unique to humans?},
	volume = {30},
	pages = {299--313},
	number = {3},
	journaltitle = {Behavioral and brain sciences},
	author = {Suddendorf, Thomas and Corballis, Michael C},
	date = {2007},
	note = {Publisher: Cambridge University Press},
}

@article{mullally_memory_2014,
	title = {Memory, imagination, and predicting the future: A common brain mechanism?},
	volume = {20},
	pages = {220--234},
	number = {3},
	journaltitle = {The Neuroscientist},
	author = {Mullally, Sinéad L and Maguire, Eleanor A},
	date = {2014},
	note = {Publisher: Sage Publications Sage {CA}: Los Angeles, {CA}},
}

@book{hastie_elements_2009,
	edition = {2},
	title = {The elements of statistical learning: data mining, inference, and prediction},
	publisher = {Springer},
	author = {Hastie, Trevor and Tibshirani, Robert and Friedman, Jerome H},
	date = {2009},
}

@article{bousquet_stability_2002,
	title = {Stability and generalization},
	volume = {2},
	pages = {499--526},
	journaltitle = {The Journal of Machine Learning Research},
	author = {Bousquet, Olivier and Elisseeff, André},
	date = {2002},
	note = {Publisher: {JMLR}. org},
}

@article{mukherjee_learning_2006,
	title = {Learning theory: stability is sufficient for generalization and necessary and sufficient for consistency of empirical risk minimization},
	volume = {25},
	pages = {161--193},
	journaltitle = {Advances in Computational Mathematics},
	author = {Mukherjee, Sayan and Niyogi, Partha and Poggio, Tomaso and Rifkin, Ryan},
	date = {2006},
	note = {Publisher: Citeseer},
}

@article{poggio_general_2004,
	title = {General conditions for predictivity in learning theory},
	volume = {428},
	pages = {419--422},
	number = {6981},
	journaltitle = {Nature},
	author = {Poggio, Tomaso and Rifkin, Ryan and Mukherjee, Sayan and Niyogi, Partha},
	date = {2004},
	note = {Publisher: Nature Publishing Group {UK} London},
}

@article{fama_efficient_1970,
	title = {Efficient capital markets: A review of theory and empirical work},
	volume = {25},
	pages = {383--417},
	number = {2},
	journaltitle = {The journal of Finance},
	author = {Fama, Eugene F},
	date = {1970},
	note = {Publisher: {JSTOR}},
}

@article{malkiel_efficient_1989,
	title = {Efficient market hypothesis},
	pages = {127--134},
	journaltitle = {Finance},
	author = {Malkiel, Burton G},
	date = {1989},
	note = {Publisher: Springer},
}

@article{long_jr_real_1983,
	title = {Real business cycles},
	volume = {91},
	pages = {39--69},
	number = {1},
	journaltitle = {Journal of political Economy},
	author = {Long Jr, John B and Plosser, Charles I},
	date = {1983},
	note = {Publisher: The University of Chicago Press},
}

@article{atalay_how_2017,
	title = {How important are sectoral shocks?},
	volume = {9},
	pages = {254--280},
	number = {4},
	journaltitle = {American Economic Journal: Macroeconomics},
	author = {Atalay, Enghin},
	date = {2017},
	note = {Publisher: American Economic Association 2014 Broadway, Suite 305, Nashville, {TN} 37203-2425},
}

@article{cowles_stock_1944,
	title = {Stock market forecasting},
	pages = {206--214},
	journaltitle = {Econometrica, Journal of the Econometric Society},
	author = {Cowles, Alfred},
	date = {1944},
	note = {Publisher: {JSTOR}},
	file = {Full Text:/Users/patrickocal_mchome/Zotero/storage/S2I6GRC7/Cowles - 1944 - Stock market forecasting.pdf:application/pdf;Snapshot:/Users/patrickocal_mchome/Zotero/storage/AHDQX4BW/1905433.html:text/html},
}
